<record><leader>00000cas a2200000 a 4500</leader><controlfield tag="001">17937565</controlfield><controlfield tag="008">880511d18381841ohuir ne      0   a0eng c</controlfield><datafield ind1=" " ind2=" " tag="010"><subfield code="a">sn 88077415 </subfield></datafield><datafield ind1=" " ind2=" " tag="040"><subfield code="a">ONP</subfield><subfield code="b">eng</subfield><subfield code="c">ONP</subfield><subfield code="d">KNP</subfield><subfield code="d">NVF</subfield><subfield code="d">OCLCQ</subfield><subfield code="d">DLC</subfield></datafield><datafield ind1=" " ind2=" " tag="012"><subfield code="l">1</subfield></datafield><datafield ind1="0" ind2=" " tag="022"><subfield code="a">2575-3223</subfield><subfield code="2">1</subfield></datafield><datafield ind1=" " ind2=" " tag="042"><subfield code="a">pcc</subfield><subfield code="a">nsdp</subfield></datafield><datafield ind1="1" ind2="0" tag="050"><subfield code="a">ISSN RECORD</subfield></datafield><datafield ind1="1" ind2="0" tag="082"><subfield code="a">070</subfield><subfield code="2">23</subfield></datafield><datafield ind1="0" ind2=" " tag="130"><subfield code="a">Cincinnati advertiser and Western journal (Cincinnati, Ohio : Triweekly)</subfield></datafield><datafield ind1=" " ind2="0" tag="222"><subfield code="a">Cincinnati advertiser and Western journal</subfield><subfield code="b">(Cincinnati, Ohio : Triweekly)</subfield></datafield><datafield ind1="1" ind2="0" tag="245"><subfield code="a">Cincinnati advertiser and Western journal.</subfield></datafield><datafield ind1=" " ind2=" " tag="260"><subfield code="a">Cincinnati [Ohio :</subfield><subfield code="b">s.n.]</subfield></datafield><datafield ind1=" " ind2=" " tag="300"><subfield code="a">v.</subfield></datafield><datafield ind1=" " ind2=" " tag="310"><subfield code="a">Triweekly</subfield></datafield><datafield ind1="1" ind2=" " tag="362"><subfield code="a">Began in 1838; ceased with Mar. 31, 1841 issue?</subfield></datafield><datafield ind1=" " ind2=" " tag="580"><subfield code="a">Daily eds.: Daily advertiser and journal, 1838-1839, and: Advertiser and journal (Cincinnati, Ohio : 1839), 1839-1841.</subfield></datafield><datafield ind1=" " ind2=" " tag="588"><subfield code="a">Description based on: Vol. 2, no. 95 (July 22, 1840).</subfield></datafield><datafield ind1=" " ind2=" " tag="752"><subfield code="a">United States</subfield><subfield code="b">Ohio</subfield><subfield code="c">Hamilton</subfield><subfield code="d">Cincinnati.</subfield></datafield><datafield ind1="1" ind2=" " tag="775"><subfield code="t">Daily advertiser and journal</subfield><subfield code="w">(DLC)sn 85042269</subfield></datafield><datafield ind1="1" ind2=" " tag="775"><subfield code="t">Advertiser and journal (Cincinnati, Ohio : 1839)</subfield><subfield code="w">(DLC)sn 85042270</subfield></datafield><datafield ind1="0" ind2=" " tag="775"><subfield code="t">Cincinnati advertiser and Western journal (Cincinnati, Ohio : Weekly)</subfield><subfield code="w">(DLC)sn 84028723</subfield></datafield></record>